@misc{VoiceLabs:2017,
	author = {VoiceLabs},
	title = {The 2017 voice report},
	year = {2017},
	publisher = {voicelabs.co},
	journal = {internet},
	howpublished = {\url{http://voicelabs.co/2017/01/15/the-2017-voice-report/}},
}

@misc{ANKI:2017,
	author = {ANKI},
	title = {Cozmo SDK Documentation},
	year = {2017},
	publisher = {anki.com},
	journal = {internet},
	howpublished = {\url{http://cozmosdk.anki.com/docs/api.html}},
}

@misc{CMUSphinx:2017,
	author = {CarnegieMellonUniversity},
	title = {Open source Speech Recognition Toolkit},
	year = {2017},
	publisher = {github.com},
	journal = {internet},
	howpublished = {\url{https://cmusphinx.github.io/}},
}

@misc{Kaldi:2017,
	author = {Open-source},
	title = {Kaldi Speech Recognition Toolkit},
	year = {2017},
	publisher = {kaldi-asr.org},
	journal = {internet},
	howpublished = {\url{https://github.com/kaldi-asr/kaldi}},
}

@misc{GoogleCloud:2017,
	author = {Google},
	title = {Google Cloud Speech API},
	year = {2017},
	publisher = {cloud.google.com},
	journal = {internet},
	howpublished = {\url{https://cloud.google.com/speech/}},
}

@article{DeepVis:2015,
	author    = {Jason Yosinski and
	Jeff Clune and
	Anh Mai Nguyen and
	Thomas J. Fuchs and
	Hod Lipson},
	title     = {Understanding Neural Networks Through Deep Visualization},
	journal   = {CoRR},
	volume    = {abs/1506.06579},
	year      = {2015},
	url       = {http://arxiv.org/abs/1506.06579},
	timestamp = {Fri, 10 Feb 2017 17:41:14 +0100},
	biburl    = {http://dblp.uni-trier.de/rec/bib/journals/corr/YosinskiCNFL15},
	bibsource = {dblp computer science bibliography, http://dblp.org}
}

@article{DBLP:journals/corr/HeZRS15,
	author    = {Kaiming He and
	Xiangyu Zhang and
	Shaoqing Ren and
	Jian Sun},
	title     = {Deep Residual Learning for Image Recognition},
	journal   = {CoRR},
	volume    = {abs/1512.03385},
	year      = {2015},
	url       = {http://arxiv.org/abs/1512.03385},
	timestamp = {Wed, 30 Mar 2016 23:40:00 +0200},
	biburl    = {http://dblp.uni-trier.de/rec/bib/journals/corr/HeZRS15},
	bibsource = {dblp computer science bibliography, http://dblp.org}
}

@article{DBLP:journals/corr/SzegedyVISW15,
	author    = {Christian Szegedy and
	Vincent Vanhoucke and
	Sergey Ioffe and
	Jonathon Shlens and
	Zbigniew Wojna},
	title     = {Rethinking the Inception Architecture for Computer Vision},
	journal   = {CoRR},
	volume    = {abs/1512.00567},
	year      = {2015},
	url       = {http://arxiv.org/abs/1512.00567},
	timestamp = {Sat, 02 Jan 2016 11:38:49 +0100},
	biburl    = {http://dblp.uni-trier.de/rec/bib/journals/corr/SzegedyVISW15},
	bibsource = {dblp computer science bibliography, http://dblp.org}
}

@article{DBLP:journals/corr/SimonyanZ14a,
	author    = {Karen Simonyan and
	Andrew Zisserman},
	title     = {Very Deep Convolutional Networks for Large-Scale Image Recognition},
	journal   = {CoRR},
	volume    = {abs/1409.1556},
	year      = {2014},
	url       = {http://arxiv.org/abs/1409.1556},
	timestamp = {Wed, 01 Oct 2014 15:00:05 +0200},
	biburl    = {http://dblp.uni-trier.de/rec/bib/journals/corr/SimonyanZ14a},
	bibsource = {dblp computer science bibliography, http://dblp.org}
}

@misc{Medium:2016,
	author = {Adam Geitgey},
	title = {How to do speech recognition with deep learning},
	year = {2016},
	publisher = {medium.com},
	journal = {internet},
}

